<record><leader>00000cas a22000007a 4500</leader><controlfield tag="001">9252984</controlfield><controlfield tag="008">830224d18321833meudn ne      0    0eng  </controlfield><datafield ind1=" " ind2=" " tag="010"><subfield code="a">sn 83009657 </subfield></datafield><datafield ind1=" " ind2=" " tag="040"><subfield code="a">DLC</subfield><subfield code="b">eng</subfield><subfield code="c">DLC</subfield><subfield code="d">NPX</subfield><subfield code="d">NPY</subfield><subfield code="d">DLC</subfield><subfield code="d">MGN</subfield><subfield code="d">MBN</subfield><subfield code="d">OCL</subfield><subfield code="d">MBN</subfield><subfield code="d">OCLCO</subfield><subfield code="d">OCLCF</subfield><subfield code="d">CUS</subfield></datafield><datafield ind1=" " ind2=" " tag="042"><subfield code="a">msc</subfield></datafield><datafield ind1=" " ind2=" " tag="043"><subfield code="a">n-us-me</subfield></datafield><datafield ind1="0" ind2="0" tag="050"><subfield code="a">Newspaper</subfield></datafield><datafield ind1="0" ind2=" " tag="130"><subfield code="a">Evening advertiser (Portland, Me.)</subfield></datafield><datafield ind1="0" ind2="0" tag="245"><subfield code="a">Evening advertiser.</subfield></datafield><datafield ind1=" " ind2=" " tag="260"><subfield code="a">Portland, Me. :</subfield><subfield code="b">J. &amp; W.E. Edwards,</subfield></datafield><datafield ind1=" " ind2=" " tag="300"><subfield code="a">volumes :</subfield><subfield code="b">illustrations (chiefly advertisements) ;</subfield><subfield code="c">44 cm.</subfield></datafield><datafield ind1=" " ind2=" " tag="310"><subfield code="a">Daily (except Sun.)</subfield></datafield><datafield ind1=" " ind2=" " tag="336"><subfield code="a">text</subfield><subfield code="b">txt</subfield><subfield code="2">rdacontent</subfield></datafield><datafield ind1=" " ind2=" " tag="337"><subfield code="a">unmediated</subfield><subfield code="b">n</subfield><subfield code="2">rdamedia</subfield></datafield><datafield ind1=" " ind2=" " tag="338"><subfield code="a">volume</subfield><subfield code="b">nc</subfield><subfield code="2">rdacarrier</subfield></datafield><datafield ind1="0" ind2=" " tag="362"><subfield code="a">Vol. 2, no. 1 (Jan. 2, 1832)-v. 3, no. 310 (Dec. 31, 1833).</subfield></datafield><datafield ind1=" " ind2=" " tag="530"><subfield code="a">Also available on microfilm from the Library of Congress Photoduplication Service.</subfield></datafield><datafield ind1=" " ind2=" " tag="580"><subfield code="a">Weekly and semiweekly eds. titled: Portland advertiser and gazette of Maine.</subfield></datafield><datafield ind1=" " ind2="0" tag="651"><subfield code="a">Portland (Me.)</subfield><subfield code="v">Newspapers.</subfield></datafield><datafield ind1=" " ind2="7" tag="651"><subfield code="a">Maine</subfield><subfield code="z">Portland.</subfield><subfield code="2">fast</subfield><subfield code="0">(OCoLC)fst01213254</subfield></datafield><datafield ind1=" " ind2="7" tag="655"><subfield code="a">Newspapers.</subfield><subfield code="2">fast</subfield><subfield code="0">(OCoLC)fst01423814</subfield></datafield><datafield ind1=" " ind2=" " tag="752"><subfield code="a">United States</subfield><subfield code="b">Maine</subfield><subfield code="c">Cumberland</subfield><subfield code="d">Portland.</subfield></datafield><datafield ind1="1" ind2=" " tag="775"><subfield code="t">Portland advertiser and gazette of Maine (Portland, Me. : Weekly)</subfield><subfield code="w">(DLC)sn 83009675</subfield><subfield code="w">(OCoLC)9262851</subfield></datafield><datafield ind1="1" ind2=" " tag="775"><subfield code="t">Portland advertiser and gazette of Maine (Portland, Me. : Semiweekly)</subfield><subfield code="w">(DLC)sn 83009662</subfield><subfield code="w">(OCoLC)9258096</subfield></datafield><datafield ind1="0" ind2="0" tag="780"><subfield code="t">Daily evening Portland advertiser</subfield><subfield code="w">(DLC)sn 83009658</subfield><subfield code="w">(OCoLC)9257452</subfield></datafield><datafield ind1="0" ind2="0" tag="785"><subfield code="t">Daily evening advertiser (Portland, Me.)</subfield><subfield code="w">(DLC)sn 83009656</subfield><subfield code="w">(OCoLC)9252735</subfield></datafield><datafield ind1="1" ind2=" " tag="029"><subfield code="a">AU@</subfield><subfield code="b">000021201447</subfield></datafield></record>